@article{flume,
    author = {Krohn, Maxwell and Yip, Alexander and Brodsky, Micah and Cliffer, Natan and Kaashoek, M. Frans and Kohler, Eddie and Morris, Robert},
    title = {Information Flow Control for Standard OS Abstractions},
    year = {2007},
    issue_date = {December 2007},
    publisher = {Association for Computing Machinery},
    address = {New York, NY, USA},
    volume = {41},
    number = {6},
    issn = {0163-5980},
    url = {https://doi.org/10.1145/1323293.1294293},
    doi = {10.1145/1323293.1294293},
    journal = {SIGOPS Oper. Syst. Rev.},
    month = oct,
    pages = {321–334},
    numpages = {14},
    keywords = {web services, endpoints, reference monitor, DIFC, decentralized information flow control, system call interposition}
}

@inproceedings{camflow,
	title = {Practical Whole-System Provenance Capture},
	booktitle = {Symposium on Cloud Computing (SoCC{\textquoteright}17)},
	year = {2017},
	organization = {ACM},
	author = {Pasquier, Thomas and Xueyuan Han and Goldstein, Mark and Moyer, Thomas and Eyers, David and Margo Seltzer and Bacon, Jean}
}

@misc{sgx-mee,
    author = {Shay Gueron},
    title = {A Memory Encryption Engine Suitable for General Purpose Processors},
    howpublished = {Cryptology ePrint Archive, Report 2016/204},
    year = {2016},
    note = {\url{https://eprint.iacr.org/2016/204}},
}

@manual{sgx-prog-reference,
    title  = "{Intel® Software Guard Extensions Programming Reference}",
    author = {Intel®},
    url    = "https://software.intel.com/sites/default/files/managed/48/88/329298-002.pdf",
    year   = "October 2014"
}

@manual{sgx-sgx-reference,
    title  = "{Intel® 64 and IA-32 Architectures. Software Developer’s Manual, Volume 3D: System Programming Guide, Part 4}",
    author = {Intel®},
    url    = "https://www.intel.com/content/dam/www/public/emea/xe/en/documents/manuals/64-ia-32-architectures-software-developer-vol-3d-part-4-manual.pdf",
    year   = "September 2015"
}

@manual{sgx-eval-sdk,
    title  = "{Intel® Software Guard Extensions SDK}",
    author = {Intel®},
    url    = "https://software.intel.com/content/www/us/en/develop/documentation/sgx-sdk-installation-guide-windows/top.html",
    year   = "March 2020"
}


@inproceedings{asbestos,
author = {Efstathopoulos, Petros and Krohn, Maxwell and VanDeBogart, Steve and Frey, Cliff and Ziegler, David and Kohler, Eddie and Mazi\`{e}res, David and Kaashoek, Frans and Morris, Robert},
title = {Labels and Event Processes in the Asbestos Operating System},
year = {2005},
isbn = {1595930795},
publisher = {Association for Computing Machinery},
address = {New York, NY, USA},
url = {https://doi.org/10.1145/1095810.1095813},
doi = {10.1145/1095810.1095813},
booktitle = {Proceedings of the Twentieth ACM Symposium on Operating Systems Principles},
pages = {17–30},
numpages = {14},
keywords = {information flow, labels, mandatory access control, secure web servers, event processes},
location = {Brighton, United Kingdom},
series = {SOSP ’05}
}

@inproceedings{10.1145/2487726.2488370,
author = {Hoekstra, Matthew and Lal, Reshma and Pappachan, Pradeep and Phegade, Vinay and Del Cuvillo, Juan},
title = {Using Innovative Instructions to Create Trustworthy Software Solutions},
year = {2013},
isbn = {9781450321181},
publisher = {Association for Computing Machinery},
address = {New York, NY, USA},
url = {https://doi.org/10.1145/2487726.2488370},
doi = {10.1145/2487726.2488370},
booktitle = {Proceedings of the 2nd International Workshop on Hardware and Architectural Support for Security and Privacy},
articleno = {11},
numpages = {1},
location = {Tel-Aviv, Israel},
series = {HASP ’13}
}

@inproceedings{10.1145/2487726.2488368,
author = {McKeen, Frank and Alexandrovich, Ilya and Berenzon, Alex and Rozas, Carlos V. and Shafi, Hisham and Shanbhogue, Vedvyas and Savagaonkar, Uday R.},
title = {Innovative Instructions and Software Model for Isolated Execution},
year = {2013},
isbn = {9781450321181},
publisher = {Association for Computing Machinery},
address = {New York, NY, USA},
url = {https://doi.org/10.1145/2487726.2488368},
doi = {10.1145/2487726.2488368},
booktitle = {Proceedings of the 2nd International Workshop on Hardware and Architectural Support for Security and Privacy},
articleno = {10},
numpages = {1},
location = {Tel-Aviv, Israel},
series = {HASP ’13}
}

@inproceedings{Anati2013InnovativeTF,
  title={Innovative Technology for CPU Based Attestation and Sealing},
  author={Ittai Anati and Shay Gueron and Simon Paul Johnson and Vincent Scarlata},
  year={2013}
}

@inproceedings{10.1145/2834050.2834100,
author = {Kim, Seongmin and Shin, Youjung and Ha, Jaehyung and Kim, Taesoo and Han, Dongsu},
title = {A First Step Towards Leveraging Commodity Trusted Execution Environments for Network Applications},
year = {2015},
isbn = {9781450340472},
publisher = {Association for Computing Machinery},
address = {New York, NY, USA},
url = {https://doi.org/10.1145/2834050.2834100},
doi = {10.1145/2834050.2834100},
booktitle = {Proceedings of the 14th ACM Workshop on Hot Topics in Networks},
articleno = {7},
numpages = {7},
location = {Philadelphia, PA, USA},
series = {HotNets-XIV}
}

@article{10.1145/2799647,
author = {Baumann, Andrew and Peinado, Marcus and Hunt, Galen},
title = {Shielding Applications from an Untrusted Cloud with Haven},
year = {2015},
issue_date = {September 2015},
publisher = {Association for Computing Machinery},
address = {New York, NY, USA},
volume = {33},
number = {3},
issn = {0734-2071},
url = {https://doi.org/10.1145/2799647},
doi = {10.1145/2799647},
journal = {ACM Trans. Comput. Syst.},
month = aug,
articleno = {8},
numpages = {26},
keywords = {shielded execution, Intel SGX, Cloud security, library OS, enclave, trusted computing}
}

  
@inproceedings{10.1145/2810103.2813695,
author = {Ohrimenko, Olga and Costa, Manuel and Fournet, C\'{e}dric and Gkantsidis, Christos and Kohlweiss, Markulf and Sharma, Divya},
title = {Observing and Preventing Leakage in MapReduce},
year = {2015},
isbn = {9781450338325},
publisher = {Association for Computing Machinery},
address = {New York, NY, USA},
url = {https://doi.org/10.1145/2810103.2813695},
doi = {10.1145/2810103.2813695},
booktitle = {Proceedings of the 22nd ACM SIGSAC Conference on Computer and Communications Security},
pages = {1570–1581},
numpages = {12},
keywords = {map-reduce, oblivious shuffle, oblivious load balancing, traffic analysis},
location = {Denver, Colorado, USA},
series = {CCS ’15}
}

@article{Costan2016IntelSE,
  title={Intel SGX Explained},
  author={Victor Costan and Srinivas Devadas},
  journal={IACR Cryptol. ePrint Arch.},
  year={2016},
  volume={2016},
  pages={86}
}
  
@inproceedings{10.1109/SP.2015.45,
author = {Xu, Yuanzhong and Cui, Weidong and Peinado, Marcus},
title = {Controlled-Channel Attacks: Deterministic Side Channels for Untrusted Operating Systems},
year = {2015},
isbn = {9781467369497},
publisher = {IEEE Computer Society},
address = {USA},
url = {https://doi.org/10.1109/SP.2015.45},
doi = {10.1109/SP.2015.45},
booktitle = {Proceedings of the 2015 IEEE Symposium on Security and Privacy},
pages = {640–656},
numpages = {17},
keywords = {virtualization, untrusted operating system, SGX, side-channel attack},
series = {SP ’15}
}

  
@inproceedings{epid,
author = {Brickell, Ernie and Li, Jiangtao},
year = {2007},
month = {01},
pages = {21-30},
title = {Enhanced Privacy ID: A Direct Anonymous Attestation Scheme with Enhanced Revocation Capabilities},
volume = {9},
journal = {IEEE Transactions on Dependable and Secure Computing - TDSC},
doi = {10.1109/TDSC.2011.63}
}

@manual{sgx-prov-service,
    title = {Intel® SGX: Intel® EPID Provisioning and Attestation Services},
    author = {Intel®},
    url    = "https://software.intel.com/content/www/us/en/develop/download/intel-sgx-intel-epid-provisioning-and-attestation-services.html",
    year   = "March 2016"
}

@inproceedings{ifc-data-prop,
author = {Mantel, Heiko and Sands, David},
year = {2004},
month = {11},
pages = {129-145},
title = {Controlled Declassification Based on Intransitive Noninterference},
volume = {3302},
doi = {10.1007/978-3-540-30477-7_9}
}

@article{ifc-lattice,
  title={A lattice model of secure information flow},
  author={Dorothy E. Denning},
  journal={Commun. ACM},
  year={1976},
  volume={19},
  pages={236-243}
}

@inproceedings{10.5555/794199.795122,
author = {Roscoe, A. W. and Goldsmith, M. H.},
title = {What is Intransitive Noninterference?},
year = {1999},
isbn = {0769502016},
publisher = {IEEE Computer Society},
address = {USA},
booktitle = {Proceedings of the 12th IEEE Workshop on Computer Security Foundations},
pages = {228},
numpages = {1},
series = {CSFW ’99}
}

@inproceedings{Bell1973SecureCS,
  title={Secure Computer Systems: Mathematical Foundations},
  author={David Elliott Bell and Leonard J. LaPadula},
  year={1973}
}

@inproceedings{difc,
  author={A. C. {Myers} and B. {Liskov}},
  booktitle={Proceedings. 1998 IEEE Symposium on Security and Privacy (Cat. No.98CB36186)}, 
  title={Complete, safe information flow with decentralized labels}, 
  year={1998},
  pages={186-197}
}

@article{10.1145/363516.363526,
author = {Myers, Andrew C. and Liskov, Barbara},
title = {Protecting Privacy Using the Decentralized Label Model},
year = {2000},
issue_date = {Oct. 2000},
publisher = {Association for Computing Machinery},
address = {New York, NY, USA},
volume = {9},
number = {4},
issn = {1049-331X},
url = {https://doi.org/10.1145/363516.363526},
doi = {10.1145/363516.363526},
journal = {ACM Trans. Softw. Eng. Methodol.},
month = oct,
pages = {410–442},
numpages = {33},
keywords = {declassification, end-to-end, confidentiality, policies, downgrading, principals, roles, information flow controls, integrity, type checking, lattice}
}
  
@article{10.1145/269005.266669,
author = {Myers, Andrew C. and Liskov, Barbara},
title = {A Decentralized Model for Information Flow Control},
year = {1997},
issue_date = {Dec. 1997},
publisher = {Association for Computing Machinery},
address = {New York, NY, USA},
volume = {31},
number = {5},
issn = {0163-5980},
url = {https://doi.org/10.1145/269005.266669},
doi = {10.1145/269005.266669},
journal = {SIGOPS Oper. Syst. Rev.},
month = oct,
pages = {129–142},
numpages = {14}
}
  
@inproceedings{10.1145/268998.266669,
author = {Myers, Andrew C. and Liskov, Barbara},
title = {A Decentralized Model for Information Flow Control},
year = {1997},
isbn = {0897919165},
publisher = {Association for Computing Machinery},
address = {New York, NY, USA},
url = {https://doi.org/10.1145/268998.266669},
doi = {10.1145/268998.266669},
booktitle = {Proceedings of the Sixteenth ACM Symposium on Operating Systems Principles},
pages = {129–142},
numpages = {14},
location = {Saint Malo, France},
series = {SOSP ’97}
}
  
@manual{orange-book,
    title = {Trusted Computer System Evaluation Criteria},
    author = {Department of Defence},
    url    = "https://csrc.nist.gov/csrc/media/publications/conference-paper/1998/10/08/proceedings-of-the-21st-nissc-1998/documents/early-cs-papers/dod85.pdf",
    year   = "August 1983"
}

@manual{tpm,
    title = {Trusted Platform Module (TPM) Summary},
    author = {The Trusted Computing Group},
    url    = "https://trustedcomputinggroup.org/resource/trusted-platform-module-tpm-summary/",
    year   = "January 2008"
}

@inproceedings{10.5555/1298455.1298481,
author = {Zeldovich, Nickolai and Boyd-Wickizer, Silas and Kohler, Eddie and Mazi\`{e}res, David},
title = {Making Information Flow Explicit in HiStar},
year = {2006},
isbn = {1931971471},
publisher = {USENIX Association},
address = {USA},
booktitle = {Proceedings of the 7th Symposium on Operating Systems Design and Implementation},
pages = {263–278},
numpages = {16},
location = {Seattle, Washington},
series = {OSDI ’06}
}
  
@inproceedings{10.5555/1387589.1387610,
author = {Zeldovich, Nickolai and Boyd-Wickizer, Silas and Mazi\`{e}res, David},
title = {Securing Distributed Systems with Information Flow Control},
year = {2008},
isbn = {1119995555221},
publisher = {USENIX Association},
address = {USA},
booktitle = {Proceedings of the 5th USENIX Symposium on Networked Systems Design and Implementation},
pages = {293–308},
numpages = {16},
location = {San Francisco, California},
series = {NSDI’08}
}
  
@inproceedings{10.5555/2342821.2342833,
author = {Cheng, Winnie and Ports, Dan R. K. and Schultz, David and Popic, Victoria and Blankstein, Aaron and Cowling, James and Curtis, Dorothy and Shrira, Liuba and Liskov, Barbara},
title = {Abstractions for Usable Information Flow Control in Aeolus},
year = {2012},
publisher = {USENIX Association},
address = {USA},
booktitle = {Proceedings of the 2012 USENIX Conference on Annual Technical Conference},
pages = {12},
numpages = {1},
location = {Boston, MA},
series = {USENIX ATC’12}
}
  
@inproceedings{10.1145/1542476.1542484,
author = {Roy, Indrajit and Porter, Donald E. and Bond, Michael D. and McKinley, Kathryn S. and Witchel, Emmett},
title = {Laminar: Practical Fine-Grained Decentralized Information Flow Control},
year = {2009},
isbn = {9781605583921},
publisher = {Association for Computing Machinery},
address = {New York, NY, USA},
url = {https://doi.org/10.1145/1542476.1542484},
doi = {10.1145/1542476.1542484},
booktitle = {Proceedings of the 30th ACM SIGPLAN Conference on Programming Language Design and Implementation},
pages = {63–74},
numpages = {12},
keywords = {information flow control, operating systems, java virtual machine, security region},
location = {Dublin, Ireland},
series = {PLDI ’09}
}
  
@article{10.1145/1543135.1542484,
author = {Roy, Indrajit and Porter, Donald E. and Bond, Michael D. and McKinley, Kathryn S. and Witchel, Emmett},
title = {Laminar: Practical Fine-Grained Decentralized Information Flow Control},
year = {2009},
issue_date = {June 2009},
publisher = {Association for Computing Machinery},
address = {New York, NY, USA},
volume = {44},
number = {6},
issn = {0362-1340},
url = {https://doi.org/10.1145/1543135.1542484},
doi = {10.1145/1543135.1542484},
journal = {SIGPLAN Not.},
month = jun,
pages = {63–74},
numpages = {12},
keywords = {security region, java virtual machine, operating systems, information flow control}
}
  
@manual{jvm,
    title = {The Java® Virtual Machine Specification },
    author = {Oracle®},
    url    = "https://docs.oracle.com/javase/specs/jvms/se8/html/index.html",
    year   = "February 2015"
}

@inproceedings{mapreduce,
title	= {MapReduce: Simplified Data Processing on Large Clusters},
author	= {Jeffrey Dean and Sanjay Ghemawat},
year	= {2004},
booktitle	= {OSDI'04: Sixth Symposium on Operating System Design and Implementation},
pages	= {137--150},
address	= {San Francisco, CA}
}

@inproceedings{hadoop,
  author={K. {Shvachko} and H. {Kuang} and S. {Radia} and R. {Chansler}},
  booktitle={2010 IEEE 26th Symposium on Mass Storage Systems and Technologies (MSST)}, 
  title={The Hadoop Distributed File System}, 
  year={2010},
  pages={1-10}
}

@inproceedings{10.1145/3007788.3007796,
author = {Richter, Lars and G\"{o}tzfried, Johannes and M\"{u}ller, Tilo},
title = {Isolating Operating System Components with Intel SGX},
year = {2016},
isbn = {9781450346702},
publisher = {Association for Computing Machinery},
address = {New York, NY, USA},
url = {https://doi.org/10.1145/3007788.3007796},
doi = {10.1145/3007788.3007796},
booktitle = {Proceedings of the 1st Workshop on System Software for Trusted Execution},
articleno = {8},
numpages = {6},
keywords = {Isolation, Intel SGX, Linux Kernel},
location = {Trento, Italy},
series = {SysTEX ’16}
}
  
@article{Karande2017SGXLogSS,
  title={SGX-Log: Securing System Logs With SGX},
  author={Vishal Karande and Erick Bauman and Zhiqiang Lin and Latifur Khan},
  journal={Proceedings of the 2017 ACM on Asia Conference on Computer and Communications Security},
  year={2017}
}

@inproceedings{10.5555/3277203.3277308,
author = {Matetic, Sinisa and Schneider, Moritz and Miller, Andrew and Juels, Ari and Capkun, Srdjan},
title = {Delegatee: Brokered Delegation Using Trusted Execution Environments},
year = {2018},
isbn = {9781931971461},
publisher = {USENIX Association},
address = {USA},
booktitle = {Proceedings of the 27th USENIX Conference on Security Symposium},
pages = {1387–1403},
numpages = {17},
location = {Baltimore, MD, USA},
series = {SEC’18}
}

@inproceedings{nexus8809505,
  author={J. B. {Djoko} and J. {Lange} and A. J. {Lee}},
  booktitle={2019 49th Annual IEEE/IFIP International Conference on Dependable Systems and Networks (DSN)}, 
  title={NeXUS: Practical and Secure Access Control on Untrusted Storage Platforms using Client-Side SGX}, 
  year={2019},
  pages={401-413}
}

@inproceedings{10.5555/3026877.3026930,
author = {Arnautov, Sergei and Trach, Bohdan and Gregor, Franz and Knauth, Thomas and Martin, Andre and Priebe, Christian and Lind, Joshua and Muthukumaran, Divya and O’Keeffe, Dan and Stillwell, Mark L. and Goltzsche, David and Eyers, David and Kapitza, R\"{u}diger and Pietzuch, Peter and Fetzer, Christof},
title = {SCONE: Secure Linux Containers with Intel SGX},
year = {2016},
isbn = {9781931971331},
publisher = {USENIX Association},
address = {USA},
booktitle = {Proceedings of the 12th USENIX Conference on Operating Systems Design and Implementation},
pages = {689–703},
numpages = {15},
location = {Savannah, GA, USA},
series = {OSDI’16}
}
  
@manual{docker-security,
    title = {Introduction to Container Security: Understanding the isolation properties of Docker},
    author = {Docker},
    url    = "https://www.docker.com/sites/default/files/WP_IntrotoContainerSecurity_08.19.2016.pdf",
    year   = "August 2016"
}

@inproceedings{vc37163017,
  author={F. {Schuster} and M. {Costa} and C. {Fournet} and C. {Gkantsidis} and M. {Peinado} and G. {Mainar-Ruiz} and M. {Russinovich}},
  booktitle={2015 IEEE Symposium on Security and Privacy}, 
  title={VC3: Trustworthy Data Analytics in the Cloud Using SGX}, 
  year={2015},
  pages={38-54}
}

@manual{maru,
    title = {Maru: SGX-Spark Deep Dive},
    author = {F. {Kelbert} and P. {Pietzuch} and J. {Crowcroft}},
    url    = "https://www.cl.cam.ac.uk/~jac22/talks/samsung-secure-ml.pdf",
    year   = "November 2017"
}

@inproceedings {ryoan199358,
author = {Tyler Hunt and Zhiting Zhu and Yuanzhong Xu and Simon Peter and Emmett Witchel},
title = {Ryoan: A Distributed Sandbox for Untrusted Computation on Secret Data},
booktitle = {12th {USENIX} Symposium on Operating Systems Design and Implementation ({OSDI} 16)},
year = {2016},
isbn = {978-1-931971-33-1},
address = {Savannah, GA},
pages = {533--549},
url = {https://www.usenix.org/conference/osdi16/technical-sessions/presentation/hunt},
publisher = {{USENIX} Association},
month = nov,
}
  
@manual{nacl,
    title = {NaCL: Native Client},
    author = {Google},
    url    = "https://developer.chrome.com/native-client",
}

@manual{reference-monitor,
    title  = "{Computer Security Technology Planning Study --- Volume 2}",
    author = {J. {Anderson}},
    url    = "https://csrc.nist.gov/csrc/media/publications/conference-paper/1998/10/08/proceedings-of-the-21st-nissc-1998/documents/early-cs-papers/ande72.pdf",
    year   = "October 1972"
}

@article{irvine-rm,
author = {C. {Irvine}},
year = {April 2001},
pages = {},
title = {The Reference Monitor Concept as a Unifying Principle in Computer Security Education}
}

@inproceedings{10.5555/2831143.2831164,
author = {Bates, Adam and Tian, Dave and Butler, Kevin R. B. and Moyer, Thomas},
title = {Trustworthy Whole-System Provenance for the Linux Kernel},
year = {2015},
isbn = {9781931971232},
publisher = {USENIX Association},
address = {USA},
booktitle = {Proceedings of the 24th USENIX Conference on Security Symposium},
pages = {319–334},
numpages = {16},
location = {Washington, D.C.},
series = {SEC’15}
}

@inproceedings{Lipp2018MeltdownRK,
  title={Meltdown: Reading Kernel Memory from User Space},
  author={Moritz Lipp and Michael Schwarz and Daniel Gruss and Thomas Prescher and Werner Haas and Anders Fogh and Jann Horn and Stefan Mangard and Paul Kocher and Daniel Genkin and Yuval Yarom and Michael Hamburg},
  booktitle={USENIX Security Symposium},
  year={2018}
}
  
@article{10.1145/224057.224076,
author = {Engler, D. R. and Kaashoek, M. F. and O’Toole, J.},
title = {Exokernel: An Operating System Architecture for Application-Level Resource Management},
year = {1995},
issue_date = {Dec. 3, 1995},
publisher = {Association for Computing Machinery},
address = {New York, NY, USA},
volume = {29},
number = {5},
issn = {0163-5980},
url = {https://doi.org/10.1145/224057.224076},
doi = {10.1145/224057.224076},
journal = {SIGOPS Oper. Syst. Rev.},
month = dec,
pages = {251–266},
numpages = {16}
}
  
@inproceedings{10.1145/224056.224076,
author = {Engler, D. R. and Kaashoek, M. F. and O’Toole, J.},
title = {Exokernel: An Operating System Architecture for Application-Level Resource Management},
year = {1995},
isbn = {0897917154},
publisher = {Association for Computing Machinery},
address = {New York, NY, USA},
url = {https://doi.org/10.1145/224056.224076},
doi = {10.1145/224056.224076},
booktitle = {Proceedings of the Fifteenth ACM Symposium on Operating Systems Principles},
pages = {251–266},
numpages = {16},
location = {Copper Mountain, Colorado, USA},
series = {SOSP ’95}
}
  
@inproceedings{10.1145/268998.266644,
author = {Kaashoek, M. Frans and Engler, Dawson R. and Ganger, Gregory R. and Brice\~{n}o, Hector M. and Hunt, Russell and Mazi\`{e}res, David and Pinckney, Thomas and Grimm, Robert and Jannotti, John and Mackenzie, Kenneth},
title = {Application Performance and Flexibility on Exokernel Systems},
year = {1997},
isbn = {0897919165},
publisher = {Association for Computing Machinery},
address = {New York, NY, USA},
url = {https://doi.org/10.1145/268998.266644},
doi = {10.1145/268998.266644},
booktitle = {Proceedings of the Sixteenth ACM Symposium on Operating Systems Principles},
pages = {52–65},
numpages = {14},
location = {Saint Malo, France},
series = {SOSP ’97}
}
  
@article{10.1145/269005.266644,
author = {Kaashoek, M. Frans and Engler, Dawson R. and Ganger, Gregory R. and Brice\~{n}o, Hector M. and Hunt, Russell and Mazi\`{e}res, David and Pinckney, Thomas and Grimm, Robert and Jannotti, John and Mackenzie, Kenneth},
title = {Application Performance and Flexibility on Exokernel Systems},
year = {1997},
issue_date = {Dec. 1997},
publisher = {Association for Computing Machinery},
address = {New York, NY, USA},
volume = {31},
number = {5},
issn = {0163-5980},
url = {https://doi.org/10.1145/269005.266644},
doi = {10.1145/269005.266644},
journal = {SIGOPS Oper. Syst. Rev.},
month = oct,
pages = {52–65},
numpages = {14}
}

@article{Dubois1988SynchronizationCA,
  title={Synchronization, coherence, and event ordering in multiprocessors},
  author={Michel Dubois and Christoph Scheurich and Faye A. Briggs},
  journal={Computer},
  year={1988},
  volume={21},
  pages={9-21}
}
  

@article{10.1145/1435417.1435432,
author = {Vogels, Werner},
title = {Eventually Consistent},
year = {2009},
issue_date = {January 2009},
publisher = {Association for Computing Machinery},
address = {New York, NY, USA},
volume = {52},
number = {1},
issn = {0001-0782},
url = {https://doi.org/10.1145/1435417.1435432},
doi = {10.1145/1435417.1435432},
journal = {Commun. ACM},
month = jan,
pages = {40–44},
numpages = {5}
}
  
@inproceedings{Zeldovich2008,
author = {Zeldovich, Nickolai and Boyd-Wickizer, Silas and Mazières, David},
year = {2008},
month = {01},
pages = {293-308},
title = {Securing Distributed Systems with Information Flow Control.}
}

@inproceedings{Rijndael,
author = {Daemen, Joan and Rijmen, Vincent},
year = {1998},
month = {01},
pages = {277-284},
title = {The Block Cipher Rijndael},
volume = {1820},
journal = {Lecture Notes in Computer Science - LNCS},
doi = {10.1007/10721064_26}
}

@inproceedings{McGrew2005TheGM,
  title={The Galois/Counter Mode of Operation (GCM)},
  author={David A. McGrew and John Viega},
  year={2005}
}

@manual{aesni,
    title  = "{Intel® Advanced Encryption Standard (AES) New Instructions Set}",
    author = {Gueron, Shay and Intel®},
    url    = "https://www.intel.com/content/dam/doc/white-paper/advanced-encryption-standard-new-instructions-set-paper.pdf",
    year   = "May 2010"
}